<?xml version="1.0" encoding="UTF-8"?><record xmlns="http://www.loc.gov/MARC21/slim" xmlns:cinclude="http://apache.org/cocoon/include/1.0" xmlns:zs="http://www.loc.gov/zing/srw/">
  <leader>01458cz  a2200289n  4500</leader>
  <controlfield tag="001">n  94065107 </controlfield>
  <controlfield tag="003">DLC</controlfield>
  <controlfield tag="005">20130806073817.0</controlfield>
  <controlfield tag="008">940708n| azannaabn          |a aaa      </controlfield>
  <datafield tag="010" ind1=" " ind2=" ">
    <subfield code="a">n  94065107 </subfield>
  </datafield>
  <datafield tag="035" ind1=" " ind2=" ">
    <subfield code="a">(OCoLC)oca03650944</subfield>
  </datafield>
  <datafield tag="040" ind1=" " ind2=" ">
    <subfield code="a">DLC</subfield>
    <subfield code="b">eng</subfield>
    <subfield code="e">rda</subfield>
    <subfield code="c">DLC</subfield>
    <subfield code="d">DCS</subfield>
    <subfield code="d">IEN</subfield>
  </datafield>
  <datafield tag="046" ind1=" " ind2=" ">
    <subfield code="f">19440331</subfield>
  </datafield>
  <datafield tag="100" ind1="1" ind2=" ">
    <subfield code="a">King, Angus</subfield>
  </datafield>
  <datafield tag="370" ind1=" " ind2=" ">
    <subfield code="a">Alexandria, Va.</subfield>
    <subfield code="e">Me.</subfield>
  </datafield>
  <datafield tag="373" ind1=" " ind2=" ">
    <subfield code="a">Dartmouth College</subfield>
    <subfield code="2">naf</subfield>
    <subfield code="t">1966</subfield>
  </datafield>
  <datafield tag="373" ind1=" " ind2=" ">
    <subfield code="a">University of Virginia. School of Law</subfield>
    <subfield code="2">naf</subfield>
    <subfield code="t">1969</subfield>
  </datafield>
  <datafield tag="373" ind1=" " ind2=" ">
    <subfield code="a">United States. Congress. Senate</subfield>
    <subfield code="2">naf</subfield>
    <subfield code="s">2013</subfield>
  </datafield>
  <datafield tag="374" ind1=" " ind2=" ">
    <subfield code="a">Legislators</subfield>
    <subfield code="2">lcsh</subfield>
  </datafield>
  <datafield tag="374" ind1=" " ind2=" ">
    <subfield code="a">Governors</subfield>
    <subfield code="2">lcsh</subfield>
  </datafield>
  <datafield tag="374" ind1=" " ind2=" ">
    <subfield code="a">Lawyers</subfield>
    <subfield code="2">lcsh</subfield>
  </datafield>
  <datafield tag="375" ind1=" " ind2=" ">
    <subfield code="a">male</subfield>
  </datafield>
  <datafield tag="377" ind1=" " ind2=" ">
    <subfield code="a">eng</subfield>
  </datafield>
  <datafield tag="378" ind1=" " ind2=" ">
    <subfield code="q">Angus Stanley</subfield>
  </datafield>
  <datafield tag="510" ind1="1" ind2=" ">
    <subfield code="a">Maine.</subfield>
    <subfield code="b">Governor (1995-2003 : King)</subfield>
  </datafield>
  <datafield tag="670" ind1=" " ind2=" ">
    <subfield code="a">Angus King, Independent for Governor, c1994:</subfield>
    <subfield code="b">t.p. (Angus King) p. [4] of cover (lives in Brunswick [Maine])</subfield>
  </datafield>
  <datafield tag="670" ind1=" " ind2=" ">
    <subfield code="a">Biographical directory of the United States Congress website, July 19, 2013</subfield>
    <subfield code="b">(King, Angus Stanley, Jr., a Senator from Maine; Senate years of service: 2013- ; born in Alexandria, Va., March 31, 1944; graduated Dartmouth College, B.A., 1966; graduated University of Virginia, J.D., 1969; lawyer; counsel, U.S. Senate Subcommittee on Alcoholism and Narcotics; television program host and co-producer; company executive; energy conservation company owner; governor of Maine 1995-2003; elected as an Independent to the United States Senate in 2012 for the term ending January 3, 2019.</subfield>
  </datafield>
</record>